@article{7812774,
  author  = {Balli, Muhammed Fatih and Uludag, Suleyman and Selcuk, Ali Aydin and Tavli, Bulent},
  journal = {IEEE Transactions on Smart Grid},
  title   = {Distributed Multi-Unit Privacy Assured Bidding (PAB) for Smart Grid Demand Response Programs},
  year    = {2018},
  volume  = {9},
  number  = {5},
  pages   = {4119-4127},
  doi     = {10.1109/TSG.2017.2651029},
} 

@misc{Jones_2018,
  title     = {How to stop data centres from gobbling up the worldâ€™s electricity},
  url       = {https://www.nature.com/articles/d41586-018-06610-y},
  journal   = {Nature News},
  publisher = {Nature Publishing Group},
  author    = {Jones, Nicola},
  year      = {2018},
  month     = {Sep},
}